<?xml version="1.0" encoding="utf-8"?>
<record xmlns="http://www.loc.gov/MARC21/slim" xmlns:xsi="http://www.w3.org/2001/XMLSchema-instance" xsi:schemaLocation="http://www.loc.gov/MARC21/slim http://www.loc.gov/standards/marcxml/schema/MARC21slim.xsd">
	<leader>     nam a22     Mi 4500</leader>
	<controlfield tag="001">b12784850</controlfield>
	<controlfield tag="003">LeBAU</controlfield>
	<controlfield tag="006">m        d        </controlfield>
	<controlfield tag="007">cr cn |||m|||a</controlfield>
	<controlfield tag="008">180321s1935    sy fh   ob    ||0 0 ara d</controlfield>
	<datafield ind1=" " ind2=" " tag="040">
		<subfield code="a">ZYU</subfield>
		<subfield code="b">ara</subfield>
		<subfield code="e">rda</subfield>
		<subfield code="c">ZYU</subfield>
	</datafield>
	<datafield ind1="1" ind2=" " tag="041">
		<subfield code="a">ara</subfield>
		<subfield code="b">fre</subfield>
		<subfield code="h">syr</subfield>
	</datafield>
	<datafield ind1=" " ind2="4" tag="050">
		<subfield code="a">BX182</subfield>
		<subfield code="b">.C38 1935</subfield>
	</datafield>
	<datafield ind1="0" ind2="4" tag="082">
		<subfield code="a">281.5</subfield>
		<subfield code="2">22</subfield>
	</datafield>
	<datafield ind1="2" ind2=" " tag="110">
		<subfield code="6">880-01</subfield>
		<subfield code="a">Catholic Church.</subfield>
		<subfield code="b">Maronite Patriarchate of Antioch,</subfield>
		<subfield code="c">issuing body.</subfield>
	</datafield>
	<datafield ind1="1" ind2="0" tag="245">
		<subfield code="6">880-02</subfield>
		<subfield code="a">Kitāb al-Hudá :</subfield>
		<subfield code="b">wa-huwa dustūr al-ṭā’ifah al-Mārūnīyah fī al-ajyāl al-wuṣṭá /</subfield>
		<subfield code="c">‘arrabahu ‘an al-Suryānīyah sanat 1058 al-Muṭrān Dāwūd al-Mārūnī ; ‘uniya bi-nashr tarjamatihi ‘an makhṭūṭ al-Wātīkān al-Suryānī 133 wa-‘āraḍahu bi-bāqī al-makhṭūṭāt wa-abāna furūqihā al-Akh Buṭrus Tāmir Fahd al-‘Ashqūtī, tilmīdh Madrasat al-Rahbānīyah al-Ḥalabīyah al-Mārūnīyah fī Rūmīyah.</subfield>
	</datafield>
	<datafield ind1="3" ind2=" " tag="246">
		<subfield code="6">880-03</subfield>
		<subfield code="a">Hudá</subfield>
	</datafield>
	<datafield ind1="3" ind2="0" tag="246">
		<subfield code="a">Livre de la direction</subfield>
	</datafield>
	<datafield ind1="3" ind2="0" tag="246">
		<subfield code="a">KITĀB AL-HUDĀ, ou, Livre de la direction</subfield>
	</datafield>
	<datafield ind1=" " ind2="1" tag="264">
		<subfield code="6">880-04</subfield>
		<subfield code="a">Ḥalab :</subfield>
		<subfield code="b">al-Maṭba‘ah al-Mārūnīyah,</subfield>
		<subfield code="c">1935.</subfield>
	</datafield>
	<datafield ind1=" " ind2=" " tag="300">
		<subfield code="6">880-05</subfield>
		<subfield code="a">online resource (416, 9 pages, 2 unnumbered leaves of plates) :</subfield>
		<subfield code="b">illustrations (some folded), facsimiles (some folded),</subfield>
	</datafield>
	<datafield ind1=" " ind2=" " tag="336">
		<subfield code="a">text</subfield>
		<subfield code="2">rdacontent</subfield>
	</datafield>
	<datafield ind1=" " ind2=" " tag="337">
		<subfield code="a">computer</subfield>
		<subfield code="2">rdamedia</subfield>
	</datafield>
	<datafield ind1=" " ind2=" " tag="338">
		<subfield code="a">online resource</subfield>
		<subfield code="2">rdacarrier</subfield>
	</datafield>
	<datafield ind1=" " ind2=" " tag="500">
		<subfield code="a">Part of the Arabic Collections Online (ACO) project, contributed by American University of Beirut's Jafet Memorial Library.</subfield>
	</datafield>
	<datafield ind1=" " ind2=" " tag="533">
		<subfield code="a">Electronic reproduction.</subfield>
		<subfield code="b">New York, N.Y. :</subfield>
		<subfield code="c">New York University,</subfield>
		<subfield code="d">2018.</subfield>
		<subfield code="5">NNU</subfield>
	</datafield>
	<datafield ind1="2" ind2="0" tag="610">
		<subfield code="6">880-06</subfield>
		<subfield code="a">Catholic Church</subfield>
		<subfield code="x">Maronite rite</subfield>
		<subfield code="x">Doctrines</subfield>
		<subfield code="x">History.</subfield>
	</datafield>
	<datafield ind1=" " ind2="0" tag="650">
		<subfield code="6">880-07</subfield>
		<subfield code="a">Maronites</subfield>
		<subfield code="x">History.</subfield>
	</datafield>
	<datafield ind1="1" ind2=" " tag="700">
		<subfield code="6">880-08</subfield>
		<subfield code="a">Fahd, Buṭrus,</subfield>
		<subfield code="e">compiler.</subfield>
	</datafield>
	<datafield ind1="0" ind2=" " tag="700">
		<subfield code="6">880-09</subfield>
		<subfield code="a">David,</subfield>
		<subfield code="c">Bishop of Aleppo,</subfield>
		<subfield code="d">active 1059,</subfield>
		<subfield code="e">translator.</subfield>
	</datafield>
	<datafield ind1="2" ind2=" " tag="710">
		<subfield code="a">Jafet Memorial Library.</subfield>
	</datafield>
	<datafield ind1="0" ind2=" " tag="730">
		<subfield code="a">Arabic Collections Online.</subfield>
	</datafield>
	<datafield ind1="0" ind2=" " tag="775">
		<subfield code="6">880-10</subfield>
		<subfield code="t">Kitāb al-Hudá : dustūr al-ṭā’ifah al-Mārūnīyah fī al-ajyāl al-wusṭá</subfield>
		<subfield code="d">Bayrūt : Dār Laḥd Khāṭir lil-Ṭibā‘ah wa-al-Nashr wa-al-Tawzī‘, 1985</subfield>
		<subfield code="w">(OCoLC)784193000</subfield>
		<subfield code="w">(OCoLC)784193000</subfield>
	</datafield>
	<datafield ind1="0" ind2="8" tag="776">
		<subfield code="i">Print version:</subfield>
		<subfield code="a">Catholic Church. Maronite Patriarchate of Antioch, issuing body.</subfield>
		<subfield code="t">Kitāb al-Hudá</subfield>
		<subfield code="w">(LeBAU)b12784850</subfield>
	</datafield>
	<datafield ind1="4" ind2="0" tag="856">
		<subfield code="u">http://hdl.handle.net/2333.1/wwpzgtbd</subfield>
	</datafield>
	<datafield ind1="2" ind2=" " tag="880">
		<subfield code="6">110-01</subfield>
		<subfield code="a">الكنيسة الكاثوليكية.</subfield>
		<subfield code="b">بطريركية أنطاكية المارونية،</subfield>
		<subfield code="c">هيئة إصدار.</subfield>
		<subfield code="4">isb.</subfield>
	</datafield>
	<datafield ind1="1" ind2="0" tag="880">
		<subfield code="6">245-02</subfield>
		<subfield code="a">كتاب الهدى :</subfield>
		<subfield code="b">وهو دستور الطائفة المارونية في الأجيال الوسطى /</subfield>
		<subfield code="c">عربه عن السريانية سنة 1058 المطران داود الماروني ؛ عني بنشر ترجمته عن مخطوط الواتيكان السرياني 133 وعارضه بباقي المخطوطات وأبان فروقها الأخ بطرس تامر فهد العشقوتي، تلميذ مدرسة الرهبانية الحلبية المارونية في رومية.</subfield>
	</datafield>
	<datafield ind1="3" ind2=" " tag="880">
		<subfield code="6">246-03</subfield>
		<subfield code="a">هدى</subfield>
	</datafield>
	<datafield ind1=" " ind2="1" tag="880">
		<subfield code="6">264-04</subfield>
		<subfield code="a">حلب :</subfield>
		<subfield code="b">المطبعة المارونية،</subfield>
		<subfield code="c">1935.</subfield>
	</datafield>
	<datafield ind1=" " ind2=" " tag="880">
		<subfield code="6">300-05</subfield>
		<subfield code="a">416، 9 صفحات، 2 ورقة لوحات غير مرقمة :</subfield>
		<subfield code="b">مصورات (بعضها مطوي) ، صور طبق الأصل (بعضها مطوي) ؛</subfield>
		<subfield code="c">25 سم</subfield>
	</datafield>
	<datafield ind1=" " ind2=" " tag="880">
		<subfield code="6">500-00</subfield>
		<subfield code="a">&quot;طبع على نفقة الرهبانية&quot;</subfield>
	</datafield>
	<datafield ind1=" " ind2=" " tag="880">
		<subfield code="6">504-00</subfield>
		<subfield code="a">يتضمن مراجع ببليوغرافية.</subfield>
	</datafield>
	<datafield ind1=" " ind2=" " tag="880">
		<subfield code="6">546-00</subfield>
		<subfield code="a">النص بالعربية؛ مع مقدمة بالفرنسية.</subfield>
	</datafield>
	<datafield ind1="2" ind2="4" tag="880">
		<subfield code="6">610-06</subfield>
		<subfield code="a">الكنيسة الكاثوليكية</subfield>
		<subfield code="x">الطقوس المارونية</subfield>
		<subfield code="x">عقائد</subfield>
		<subfield code="x">تاريخ.</subfield>
	</datafield>
	<datafield ind1=" " ind2="4" tag="880">
		<subfield code="6">650-07</subfield>
		<subfield code="a">الموارنة</subfield>
		<subfield code="x">تاريخ.</subfield>
	</datafield>
	<datafield ind1="1" ind2=" " tag="880">
		<subfield code="6">700-08</subfield>
		<subfield code="a">فهد، بطرس،</subfield>
		<subfield code="e">معد.</subfield>
		<subfield code="4">com.</subfield>
	</datafield>
	<datafield ind1="0" ind2=" " tag="880">
		<subfield code="6">700-09</subfield>
		<subfield code="a">داود،</subfield>
		<subfield code="c">مطران حلب،</subfield>
		<subfield code="d">اشتهر في العام 1059،</subfield>
		<subfield code="e">مترجم.</subfield>
		<subfield code="4">trl.</subfield>
	</datafield>
	<datafield ind1="0" ind2=" " tag="880">
		<subfield code="6">775-10</subfield>
		<subfield code="t">كتاب الهدى : دستور الطائفة المارونية في الاجيال الوسطى</subfield>
		<subfield code="d">بيروت : دار لحد خاطر للطباعة و النشر و التوزيع، 1985</subfield>
		<subfield code="w">b12318656</subfield>
		<subfield code="w">(OCoLC)784193000</subfield>
	</datafield>
	<datafield ind1=" " ind2=" " tag="959">
		<subfield code="a">NNU</subfield>
		<subfield code="b">WEB</subfield>
		<subfield code="c">GENI</subfield>
		<subfield code="t">0</subfield>
		<subfield code="m">Electronic access</subfield>
		<subfield code="s">01</subfield>
	</datafield>
	<datafield ind1=" " ind2=" " tag="999">
		<subfield code="i">LeBAU_b12784850</subfield>
		<subfield code="s">aub_aco001488</subfield>
		<subfield code="e">(ERROR-880)</subfield>
		<subfield code="s">aub_aco001488</subfield>
	</datafield>
</record>
